@booklet{devis,
author = {Дэвис К.},
title = {Радиоволны в ионосфере},
year = {1973},
OPTsubtitle = {•},
OPTtitleaddon = {•},
OPTlanguage = {•},
OPThowpublished = {•},
OPTtype = {•},
OPTnote = {•},
OPTlocation = {•},
OPTchapter = {•},
OPTpages = {•},
OPTpagetotal = {•},
OPTaddendum = {•},
OPTpubstate = {•},
OPTdoi = {•},
OPTeprint = {•},
OPTeprintclass = {•},
OPTeprinttype = {•},
OPTurl = {•},
OPTurldate = {•},
}



@online{gpsgov,
author = {GPSgov},
title = {Space Segment},
year = {2020},
url = {www.gps.gov/systems/gps/space/},
OPTsubtitle = {•},
OPTtitleaddon = {•},
OPTlanguage = {•},
OPTversion = {•},
OPTnote = {•},
OPTorganization = {•},
OPTdate = {•},
OPTmonth = {•},
OPTaddendum = {•},
OPTpubstate = {•},
OPTurldate = {•},
}


@booklet{hoffmanErrors,
author = {Hofmann-Wellenhof B., Lichtenegger H., Collins J.},
title = {Global Positioning System: Theory and Practice},
year = {1992},
OPTsubtitle = {•},
OPTtitleaddon = {•},
OPTlanguage = {•},
OPThowpublished = {•},
OPTtype = {•},
OPTnote = {•},
OPTlocation = {•},
OPTchapter = {•},
OPTpages = {327},
OPTpagetotal = {•},
OPTaddendum = {•},
OPTpubstate = {•},
OPTdoi = {•},
OPTeprint = {•},
OPTeprintclass = {•},
OPTeprinttype = {•},
OPTurl = {•},
OPTurldate = {•},
}


@booklet{shebshaevich,
author = {Шебшаевич В.М. и др.},
title = {Дифференциальный режим сетевой спутниковой радионавигационной системы},
year = {1989},
OPTsubtitle = {•},
OPTtitleaddon = {•},
OPTlanguage = {•},
OPThowpublished = {•},
OPTtype = {•},
OPTnote = {•},
OPTlocation = {•},
OPTchapter = {•},
OPTpages = {•},
OPTpagetotal = {•},
OPTaddendum = {•},
OPTpubstate = {•},
OPTdoi = {•},
OPTeprint = {•},
OPTeprintclass = {•},
OPTeprinttype = {•},
OPTurl = {•},
OPTurldate = {•},
}


@booklet{afraimovich,
author = {Афраймович Э.Л., Перевалова Н.П.},
title = {GPS-мониторинг верхней атмосферы Земли},
year = {2006},
OPTsubtitle = {•},
OPTtitleaddon = {•},
OPTlanguage = {•},
OPThowpublished = {•},
OPTtype = {•},
OPTnote = {•},
OPTlocation = {•},
OPTchapter = {•},
OPTpages = {•},
OPTpagetotal = {•},
OPTaddendum = {•},
OPTpubstate = {•},
OPTdoi = {•},
OPTeprint = {•},
OPTeprintclass = {•},
OPTeprinttype = {•},
OPTurl = {•},
OPTurldate = {•},
}


@booklet{kotyashkin,
author = {Котяшкин С.И.},
title = {Определение ионосферной задержки сигналов в одночастотной аппаратуре потребителей спутниковой системы навигации},
year = {1989},
OPTsubtitle = {•},
OPTtitleaddon = {•},
OPTlanguage = {•},
OPThowpublished = {•},
OPTtype = {•},
OPTnote = {•},
OPTlocation = {•},
OPTchapter = {•},
OPTpages = {•},
OPTpagetotal = {•},
OPTaddendum = {•},
OPTpubstate = {•},
OPTdoi = {•},
OPTeprint = {•},
OPTeprintclass = {•},
OPTeprinttype = {•},
OPTurl = {•},
OPTurldate = {•},
}


@booklet{kozharin,
author = {Кожарин М.А. Куницын В.Е.},
title = {Детектирование и исследование временного развития крупных ионосферных структур с помощью данных навигационных спунтиков систем GPS/ГЛОНАСС},
year = {2004},
OPTsubtitle = {•},
OPTtitleaddon = {•},
OPTlanguage = {•},
OPThowpublished = {•},
OPTtype = {•},
OPTnote = {•},
OPTlocation = {•},
OPTchapter = {•},
OPTpages = {•},
OPTpagetotal = {•},
OPTaddendum = {•},
OPTpubstate = {•},
OPTdoi = {•},
OPTeprint = {•},
OPTeprintclass = {•},
OPTeprinttype = {•},
OPTurl = {•},
OPTurldate = {•},
}

@booklet{klobuchar,
author = {Klobuchar J.A.},
title = {Ionospheric time-delay algorithm for single-frequency GPS users},
year = {1986},
OPTsubtitle = {•},
OPTtitleaddon = {•},
OPTlanguage = {•},
OPThowpublished = {•},
OPTtype = {•},
OPTnote = {•},
OPTlocation = {•},
OPTchapter = {•},
OPTpages = {•},
OPTpagetotal = {•},
OPTaddendum = {•},
OPTpubstate = {•},
OPTdoi = {•},
OPTeprint = {•},
OPTeprintclass = {•},
OPTeprinttype = {•},
OPTurl = {•},
OPTurldate = {•},
}


@booklet{ratcliff,
author = {Ратклифф Дж.А.},
title = {Магнитно-ионная теория и ее приложения к ионосфере},
year = {1962},
OPTsubtitle = {•},
OPTtitleaddon = {•},
OPTlanguage = {•},
OPThowpublished = {•},
OPTtype = {•},
OPTnote = {•},
OPTlocation = {•},
OPTchapter = {•},
OPTpages = {•},
OPTpagetotal = {•},
OPTaddendum = {•},
OPTpubstate = {•},
OPTdoi = {•},
OPTeprint = {•},
OPTeprintclass = {•},
OPTeprinttype = {•},
OPTurl = {•},
OPTurldate = {•},
}
